%-----------------------------------------------------------------------
%                            books
%-----------------------------------------------------------------------
@book{bear,
  title={Dynamics of fluids in porous media},
  author={Bear, Jacob},
  year={2013},
  publisher={Courier Corporation}
}

@book{vangolf,
  title={Fundamentals of fractured reservoir engineering},
  author={van Golf-Racht, Theodor D},
  year={1982},
  publisher={Elsevier}
}

@book{zien,
  title={The finite element method},
  author={Zienkiewicz, Olgierd Cecil and Taylor, Robert Lee},
  volume={1},
  year={1977},
  publisher={McGraw-hill London}
}

%-----------------------------------------------------------------------
%                            thesis - related and unrelated
%-----------------------------------------------------------------------

@mastersthesis{kohan,
    language = {persian},
    author     =     {امیرحسین کهن‌پور},
    title     =     {مقایسهٔ مدل‌های تخلخل دوگانه، نفوذپذیری دوگانه در جریان‌های دوفازی غیز امتزاجی دو‌بعدی تحت اثر جاذبه},
    school     =     {دانشگاه صنعتی شریف},
    year     =     {۱۳۹۲}
}

@phdthesis{tatomir,
  title={From discrete to continuum concepts of flow in fractured porous media},
  author={Tatomir, Alexandru-Bogdan},
  year={2013},
  school={Zugl.: Stuttgart, Universität Stuttgart, Diss., 2012},
  note={\url{http://elib.uni-stuttgart.de/opus/frontdoor.php?source_opus=8047&la=en}}
}
@phdthesis{sarma,
  title={New transfer functions for simulation of naturally fractured reservoirs with dual porosity models},
  author={Sarma, Pallav},
  year={2003},
  school={Stanford University}
}

@article{moin,
  title={Development of an efficient embedded discrete fracture model for 3D compositional reservoir simulation in fractured reservoirs},
  author={Moinfar, Ali},
  year={2013}
}

%-----------------------------------------------------------------------
%                            vandujin-papers
%-----------------------------------------------------------------------

@article{vandujnum,
  title={The effect of capillary forces on immiscible two-phase flow in heterogeneous porous media},
  author={Van Duijn, CJ and Molenaar, Johannes and De Neef, MJ},
  journal={Transport in Porous Media},
  volume={21},
  number={1},
  pages={71--93},
  year={1995},
  publisher={Springer}
}

@article{vandujanal,
  title={Self-similar profiles for capillary diffusion driven flow in heterogeneous porous media},
  author={van Duijn, Cornelius J and De Neef, MJ},
  year={1996},
  publisher={Citeseer}
}

@phdthesis{vandujthes,
  title={Modelling capillary effects in heterogeneous porous media},
  author={De Neef, Michel Jacques},
  year={2000},
  publisher={TU Delft, Delft University of Technology},
  note = {\url{http://repository.tudelft.nl/view/ir/uuid\%3A5a7eaac7-6521-4b77-8667-f77ab5931880/}}
}

%-----------------------------------------------------------------------
%                            bastian-papers
%-----------------------------------------------------------------------
@phdthesis{reichthes,
  title={Numerical simulation of multiphase flow in fractured porous media},
  author={Reichenberger, Volker},
  year={2003}
}


@article{reichpaper,
  title={A mixed-dimensional finite volume method for two-phase flow in fractured porous media},
  author={Reichenberger, Volker and Jakobs, Hartmut and Bastian, Peter and Helmig, Rainer},
  journal={Advances in Water Resources},
  volume={29},
  number={7},
  pages={1020--1036},
  year={2006},
  publisher={Elsevier}
}
@UNPUBLISHED{basthabil,
  author = {P. Bastian},
  title = {Numerical Computation of multiphase flow in porous media},
  school = {Universit{\"a}t Kiel},
  year = {1999},
  note = {Habilitationsschrift, \url{https://conan.iwr.uni-heidelberg.de/people/peter/pdf/Bastian_habilitationthesis.pdf}}
}

@incollection{bastf,
  title={Numerical simulation of multiphase flow in fractured porous media},
  author={Bastian, Peter and Chen, Zhangxin and Ewing, Richard E and Helmig, Rainer and Jakobs, Hartmut and Reichenberger, Volker},
  booktitle={Numerical treatment of multiphase flows in porous media},
  pages={50--68},
  year={2000},
  publisher={Springer}
}

@article{bastn,
  title={Efficient fully-coupled solution techniques for two-phase flow in porous media: Parallel multigrid solution and large scale computations},
  author={Bastian, Peter and Helmig, Rainer},
  journal={Advances in Water Resources},
  volume={23},
  number={3},
  pages={199--216},
  year={1999},
  publisher={Elsevier}
}

@article{helmig,
  title={Multiphase flow in heterogeneous porous media: A classical finite element method versus an implicit pressure--explicit saturation-based mixed finite element--finite volume approach},
  author={Huber, R and Helmig, R},
  journal={International Journal for Numerical Methods in Fluids},
  volume={29},
  number={8},
  pages={899--920},
  year={1999},
  publisher={Wiley Online Library}
}


%-----------------------------------------------------------------------
%                            cvfem
%-----------------------------------------------------------------------
@article{baliga,
  title={A control volume finite-element method for two-dimensional fluid flow and heat transfer},
  author={Baliga, BR and Patankar, SV},
  journal={Numerical Heat Transfer},
  volume={6},
  number={3},
  pages={245--261},
  year={1983},
  publisher={Taylor \&{} Francis}
}

@inproceedings{maliska-cvfem,
  title={An element based conservative scheme using unstructured grids for reservoir simulation},
  author={Cordazzo, Jonas and Maliska, Cordazzo},
  booktitle={SPE International Student Paper Contest, The SPE Annual Technical Conference and Exhibition, Houston, Texas},
  year={2004}
}

@article{maliska-upwind,
  title={A Family of Positive Flow-Weighted Advection Schemes for Element-Based Finite-Volume Methods},
  author={Hurtado, Fernando SV and Maliska, Clovis R},
  journal={Numerical Heat Transfer, Part B: Fundamentals},
  volume={62},
  number={2-3},
  pages={113--140},
  year={2012},
  publisher={Taylor \&{} Francis}
}

@inproceedings{maliska-limiter,
  title={Application of Flux-Corrected Transport to an Unstructured-Grid Finite-Volume Formulation for Reservoir Simulation},
  author={Hurtado, Fernando SV and Maliska, Clovis R and da Silva, Antonio FC},
  booktitle={Proceedings of the XXVIII Iberian Latin-American Congress on Computational Methods in Engineering CMNE/CILAMCE},
  year={2007}
}

@inproceedings{maliska-accel,
  title={A variable timestep strategy for accelerating the IMPES solution algorithm in reservoir simulation},
  author={Hurtado, Fernando Sandro Velasco and Maliska, Clovis Raimundo and SILVA, AFC},
  booktitle={Proceedings of the XXVII Iberian Latin American Congress on Computational Methods in Engineering. Bel{\'e}m, Brasil: UFPA},
  pages={14},
  year={2006}
}

%-----------------------------------------------------------------------
%                            kou sun
%-----------------------------------------------------------------------
@article{kousun,
  title={A new treatment of capillarity to improve the stability of IMPES two-phase flow formulation},
  author={Kou, Jisheng and Sun, Shuyu},
  journal={Computers \& Fluids},
  volume={39},
  number={10},
  pages={1923--1931},
  year={2010},
  publisher={Elsevier}
}

%-----------------------------------------------------------------------
%                            firoozabadi
%-----------------------------------------------------------------------
@article{karimi1,
  title={Numerical simulation of water injection in fractured media using the discrete-fracture model and the Galerkin method},
  author={Karimi-Fard, Mohammad and Firoozabadi, Abbas and others},
  journal={SPE Reservoir Evaluation \& Engineering},
  volume={6},
  number={02},
  pages={117--126},
  year={2003},
  publisher={Society of Petroleum Engineers}
}

@article{karimi2,
  title={An efficient discrete-fracture model applicable for general-purpose reservoir simulators},
  author={Karimi-Fard, M and Durlofsky, LJ and Aziz, K and others},
  journal={SPE Journal},
  volume={9},
  number={02},
  pages={227--236},
  year={2004},
  publisher={Society of Petroleum Engineers}
}


@article{mont1,
  title={Control-volume method for numerical simulation of two-phase immiscible flow in two-and three-dimensional discrete-fractured media},
  author={Monteagudo, JEP and Firoozabadi, A},
  journal={Water Resources Research},
  volume={40},
  number={7},
  year={2004},
  publisher={Wiley Online Library}
}

@article{mont2,
  title={Control-volume model for simulation of water injection in fractured media: incorporating matrix heterogeneity and reservoir wettability effects},
  author={Monteagudo, Jorge EP and Firoozabadi, Abbas and others},
  journal={Spe Journal},
  volume={12},
  number={03},
  pages={355--366},
  year={2007},
  publisher={Society of Petroleum Engineers}
}

@article{montimpj,
  title={Comparison of fully implicit and IMPES formulations for simulation of water injection in fractured and unfractured media},
  author={Monteagudo, JEP and Firoozabadi, A},
  journal={International journal for numerical methods in engineering},
  volume={69},
  number={4},
  pages={698--728},
  year={2007},
  publisher={Wiley Online Library}
}

@inproceedings{montimpc,
  title={Numerical simulation of water injection in disconnected and connected fractured media using Jacobian-free fully implicit control volume method},
  author={Monteagudo, JEP and Firoozabadi, A and others},
  booktitle={SPE/DOE Symposium on Improved Oil Recovery},
  year={2004},
  organization={Society of Petroleum Engineers}
}

@article{hoteitn,
  title={Numerical modeling of two-phase flow in heterogeneous permeable media with different capillarity pressures},
  author={Hoteit, Hussein and Firoozabadi, Abbas},
  journal={Advances in Water Resources},
  volume={31},
  number={1},
  pages={56--73},
  year={2008},
  publisher={Elsevier}
}

@article{hoteitf,
  title={An efficient numerical model for incompressible two-phase flow in fractured media},
  author={Hoteit, Hussein and Firoozabadi, Abbas},
  journal={Advances in Water Resources},
  volume={31},
  number={6},
  pages={891--905},
  year={2008},
  publisher={Elsevier}
}

%-----------------------------------------------------------------------
%                              edwards
%-----------------------------------------------------------------------

@article{aavatsmark,
  title={Discretization on unstructured grids for inhomogeneous, anisotropic media. Part I: Derivation of the methods},
  author={Aavatsmark, Ivar and Barkve, Tor and B{\o}e, O and Mannseth, Trond},
  journal={SIAM Journal on Scientific Computing},
  volume={19},
  number={5},
  pages={1700--1716},
  year={1998},
  publisher={SIAM}
}

@article{edwards1,
  title={Finite volume discretization with imposed flux continuity for the general tensor pressure equation},
  author={Edwards, Michael G and Rogers, Clive F},
  journal={Computational Geosciences},
  volume={2},
  number={4},
  pages={259--290},
  year={1998},
  publisher={Springer}
}

@inproceedings{edwards2,
  title={Mixed-dimensional Model-CVD-MPFA Coupled with a Lower-dimensional Fracture Model},
  author={Ahmed, R and Edwards, MG and Lamine, S and Huisman, BAH and Pal, M},
  booktitle={ECMOR XIV-14th European conference on the mathematics of oil recovery},
  year={2014}
}


%-----------------------------------------------------------------------
%                              other: dp + advances
%-----------------------------------------------------------------------
@article{gilman,
  title={An efficient finite-difference method for simulating phase segregation in the matrix blocks in double-porosity reservoirs},
  author={Gilman, JR and others},
  journal={SPE Reservoir Engineering},
  volume={1},
  number={04},
  pages={403--413},
  year={1986},
  publisher={Society of Petroleum Engineers}
}

@inproceedings{barenblast,
  title={Fundamental equations of filtration of homogeneous liquids in fissured rocks},
  author={Barenblast, GI and Zheltov, Yu P},
  booktitle={Soviet Physics Doklady},
  volume={5},
  pages={522},
  year={1960}
}

@book{warren,
  title={The behavior of naturally fractured reservoirs},
  author={Warren, JE and Root, P Jj and others},
  year={1963},
  publisher={SPE Journal}
}

@article{lee,
  title={Hierarchical modeling of flow in naturally fractured formations with multiple length scales},
  author={Lee, Seong H and Lough, MF and Jensen, CL},
  journal={Water Resources Research},
  volume={37},
  number={3},
  pages={443--455},
  year={2001},
  publisher={Wiley Online Library}
}

@article{noorishad,
  title={An upstream finite element method for solution of transient transport equation in fractured porous media},
  author={Noorishad, Jahan and Mehran, Mohsen},
  journal={Water Resources Research},
  volume={18},
  number={3},
  pages={588--596},
  year={1982},
  publisher={Wiley Online Library}
}

@article{baca,
  title={Modelling fluid flow in fractured-porous rock masses by finite-element techniques},
  author={Baca, RG and Arnett, RC and Langford, DW},
  journal={International Journal for Numerical Methods in Fluids},
  volume={4},
  number={4},
  pages={337--348},
  year={1984},
  publisher={Wiley Online Library}
}

@article{berkowitz,
  title={Characterizing flow and transport in fractured geological media: A review},
  author={Berkowitz, Brian},
  journal={Advances in water resources},
  volume={25},
  number={8},
  pages={861--884},
  year={2002},
  publisher={Elsevier}
}

@article{vang,
  title={A closed-form equation for predicting the hydraulic conductivity of unsaturated soils},
  author={Van Genuchten, M Th},
  journal={Soil science society of America journal},
  volume={44},
  number={5},
  pages={892--898},
  year={1980},
  publisher={Soil Science Society of America}
}

@inproceedings{brooks,
  title={Properties of porous media affecting fluid flow},
  author={Brooks, Rl H},
  booktitle={Journal of the Irrigation and Drainage Division, Proceedings of the American Society of Civil Engineers},
  volume={92},
  number={2},
  pages={61--88},
  year={1966}
}

@article{parker,
  title={A parametric model for constitutive properties governing multiphase flow in porous media},
  author={Parker, JC and Lenhard, RJ and Kuppusamy, T},
  journal={Water Resources Research},
  volume={23},
  number={4},
  pages={618--624},
  year={1987},
  publisher={Wiley Online Library}
}




%-----------------------------------------------------------------------
%                         free - software
%-----------------------------------------------------------------------

@article{gmsh,
  title={Gmsh: A 3-D finite element mesh generator with built-in pre-and post-processing facilities},
  author={Geuzaine, Christophe and Remacle, Jean-Fran{\c{c}}ois},
  journal={International Journal for Numerical Methods in Engineering},
  volume={79},
  number={11},
  pages={1309--1331},
  year={2009},
  publisher={Wiley Online Library}
}

@incollection{triangle,
  title={Triangle: Engineering a 2D quality mesh generator and Delaunay triangulator},
  author={Shewchuk, Jonathan Richard},
  booktitle={Applied computational geometry towards geometric engineering},
  pages={203--222},
  year={1996},
  publisher={Springer}
}

@TechReport{petsc1,
  Author = {Satish Balay and Shrirang Abhyankar and Mark F. Adams and Jed Brown and Peter Brune
            and Kris Buschelman and Victor Eijkhout and William D. Gropp
            and Dinesh Kaushik and Matthew G. Knepley
            and Lois Curfman McInnes and Karl Rupp and Barry F. Smith
            and Hong Zhang},
  Title = {{PETS}c Users Manual},
  Number = {ANL-95/11 - Revision 3.5},
  Institution = {Argonne National Laboratory},
  Year = {2014}
}

@InProceedings{petsc2,
  Author = {Satish Balay and William D. Gropp and Lois Curfman McInnes and Barry F. Smith},
  Title = {Efficient Management of Parallelism in Object Oriented Numerical Software Libraries},
  Booktitle = {Modern Software Tools in Scientific Computing},
  Editor = {E. Arge and A. M. Bruaset and H. P. Langtangen},
  Pages = {163--202},
  Publisher = {Birkh{\"{a}}user Press},
  Year = {1997}
}

@article{arma,
  title={Armadillo: An open source C++ linear algebra library for fast prototyping and computationally intensive experiments},
  author={Sanderson, Conrad},
  year={2010},
  publisher={NICTA}
}

@misc{paraview,
  title={The ParaView Guide: A Parallel Visualization Application},
  author={Ayachit, U},
  year={2015},
  publisher={Kitware Inc.,}
}

@MISC{octave,
     author = {{Octave community}},
     keywords = {Octave,Software},
     title = {{GNU Octave 3.8.1}},
     note = {\url{www.gnu.org/software/octave/}},
     year = {2014}
}

@InCollection{visit,
author = {Hank Childs and Eric Brugger and Brad Whitlock and Jeremy Meredith and Sean Ahern and David Pugmire and Kathleen Biagas and Mark Miller and Cyrus Harrison and Gunther H. Weber and Hari Krishnan and Thomas Fogal and Allen Sanderson and Christoph Garth and E. Wes Bethel and David Camp and Oliver R\"{u}bel and Marc Durant and Jean M. Favre and Paul Navr\'{a}til},
title = {{VisIt: An End-User Tool For Visualizing and Analyzing Very Large Data}},
year = "2012",
pages = "357-372",
month = "Oct",
booktitle = {{High Performance Visualization--Enabling Extreme-Scale Scientific Insight}},
}
